
@misc{versuchssanleitung,
	author = {{TH Aschaffenburg, 2023}},
	title = {Reglereinstellung im Bodediagramm - Versuchsanleitung Interdisziplinäres Praktikum},
	url = {https://moodle.th-ab.de/mod/folder/view.php?id=239859},
	urldate = {17.10.2023},
}

@misc{Skript_Regelungstechnik,
	author = {{Prof. Dr.-Ing. Bruhm, H}},
	title = {Regelungstechnik},
	url = {https://moodle.th-ab.de/pluginfile.php/305099/mod_resource/content/0/RT-Lehrbrief_2021_V1.pdf},
	urldate = {17.10.2023},	
	year = {2023}
}

@misc{connected_microcontrollers,
	author = {{Prakash, P. ;  O’Grady, C.}},
	title = {Connected microcontrollers essential to automation in buildings},
	url = {https://www.ti.com/lit/wp/sway003a/sway003a.pdf?ts=1688355961074},
	pages = {1},
	urldate = {16.07.2023},
}

@misc{TSOP,
	author = {{Das, D.}},
	title = {Understanding IR Remote Protocols to build your own IR Signal Decoder using TSOP and PIC Microcontroller},
	url = {https://circuitdigest.com/microcontroller-projects/build-your-own-ir-remote-decoder-using-tsop-and-pic-microcontroller},
	urldate = {18.07.2023},
}

@misc{instructables,
	author = {{Jaysingh124}},
	title = {RC5 Remote Control Protocol Decoder Without Library},
	url = {https://www.instructables.com/RC5-Remote-Control-Protocol-Decoder-Without-Librar/},
	urldate = {20.08.2023},
}



@misc{RF_Special_Edition,
	author = {{Kraus, G. ; Doll, K.}},
	title = {Digitale Signalverarbeitung},
	url = {http://www.gunthard-kraus.de/LTSwitcherCAD/SwitcherCAD-Tutorial_English/pdf-File/RF_English_01_final.pdf},
	urldate = {20.08.2023},
}

@misc{led-leuchtdiode,
	author = {{conrad.de, 2022}},
	title = {LED, Die Leuchtdiode kurz erklärt},
	url = {https://www.conrad.de/de/ratgeber/technik-einfach-erklaert/led-leuchtdiode.html},
	urldate = {18.07.2023},
}

@book{SensorikLehrbrief,
	author = {{Prof. Dr. Ulrich Brunsmann}},
	title = {Sensorik},
	originalyear = {16. September 2016},
	publisher = {Hochschule Aschaffenburg},
	year = {2016}
}

@article{PaperKoehler1.,
	author = {{K{\"o}hler, S. ; Goldhammer, M. ; Bauer, S. ; Zecha, S. ; Doll, K. ; Brunsmann, U. ; Dietmayer, K.}},
	title = {Early Detection of the Pedestrian’s Intention to Cross the Street},
	journal = {15th International IEEE Conference on Intelligent Transportation Systems (ITSC)},
	pages = {1759–1764},
	year = {2012}
}

@misc{StatistischesBundesamtWiesbaden.,
	author = {{Statistisches Bundesamt, Wiesbaden 2015}},
	title = {Kraftrad- und Fahrradunf{\"a}lle im Straßenverkehr 2015},
	url = {https://www.destatis.de/DE/Publikationen/Thematisch/TransportVerkehr/Verkehrsunfaelle/UnfaelleZweirad5462408157004.pdf?__blob=publicationFile},
	urldate = {03.12.2016},
	edition = {2015},
	originalyear = {16. September 2016}
}

@book{machinelearning.,
	author = {{Aurélien Géron}},
	title = {Hands-On Machine Learning with Scikit-Learn and TensorFlow: Concepts, Tools, and Techniques to Build Intelligent Systems },
	year = {2017},
	publisher = {O'Reilly Media},
	edition = {1. Aufl.},
	asin = {B06XNKV5TS}
}

@misc{dropout.,
	author = {{Nitish Srivastava, Geoffrey Hinton, Alex Krizhevsky, Ilya Sutskever, Ruslan Salakhutdinov}},
	title = {Dropout: A Simple Way to Prevent Neural Networks from Overfitting},
	journal = {Journal of Machine Learning Research 15 (2014) 1929-1958},
	url = {http://www.jmlr.org/papers/volume15/srivastava14a/srivastava14a.pdf}
}